@article{o2015introduction,
  title={An introduction to convolutional neural networks},
  author={O'Shea, Keiron and Nash, Ryan},
  journal={arXiv preprint arXiv:1511.08458},
  year={2015}
}
@article{lecun1995convolutional,
  title={Convolutional networks for images, speech, and time series},
  author={LeCun, Yann and Bengio, Yoshua and others},
  journal={The handbook of brain theory and neural networks},
  volume={3361},
  number={10},
  pages={1995},
  year={1995}
}
@book{geron2017hands,
  title={Hands-on machine learning with Scikit-Learn and TensorFlow: concepts, tools, and techniques to build intelligent systems},
  author={G{\'e}ron, Aur{\'e}lien},
  year={2017},
  publisher={" O'Reilly Media, Inc."}
}
@inproceedings{krizhevsky2012imagenet,
  title={Imagenet classification with deep convolutional neural networks},
  author={Krizhevsky, Alex and Sutskever, Ilya and Hinton, Geoffrey E},
  booktitle={Advances in neural information processing systems},
  pages={1097--1105},
  year={2012}
}
@article{domingos2012few,
  title={A few useful things to know about machine learning},
  author={Domingos, Pedro},
  journal={Communications of the ACM},
  volume={55},
  number={10},
  pages={78--87},
  year={2012},
  publisher={ACM}
}
@online{udemy,
  title={Complete Guide to Tensorflow for Deep Learning with Python},
  url = {https://www.udemy.com/complete-guide-to-tensorflow-for-deep-learning-with-python/},
  urldate = {2018-13-12}
}
@online{aws,
  title={Launching and Configuring a DLAMI},
  url = {https://docs.aws.amazon.com/dlami/latest/devguide/launch-config.html/},
  urldate = {2018-05-02}
}
@online{tutorial,
  title={TensorFlow Object Detection Model Training},
  url={https://gist.github.com/douglasrizzo/c70e186678f126f1b9005ca83d8bd2ce},
  urldate={2018-01-03}
}
@online{parser,
  title={Convert the Berkeley Deepdrive dataset to a TFRecord file},
  url={https://github.com/meyerjo/deepdrive_dataset_tfrecord},
  urldate={2018-01-03}
}
@article{kotsiantis2007supervised,
  title={Supervised machine learning: A review of classification techniques},
  author={Kotsiantis, Sotiris B and Zaharakis, I and Pintelas, P},
  journal={Emerging artificial intelligence applications in computer engineering},
  volume={160},
  pages={3--24},
  year={2007}
}
@article{srivastava2014dropout,
  title={Dropout: a simple way to prevent neural networks from overfitting},
  author={Srivastava, Nitish and Hinton, Geoffrey and Krizhevsky, Alex and Sutskever, Ilya and Salakhutdinov, Ruslan},
  journal={The Journal of Machine Learning Research},
  volume={15},
  number={1},
  pages={1929--1958},
  year={2014},
  publisher={JMLR. org}
}
@online{youtube,
  title = {Hubel \& Wiesel - Cortical Neuron - V1},
  date = {2011},
  organization = {Youtube},
  author = {David Hubel and Torsten Wiesel},
  url = {https://www.youtube.com/watch?v=8VdFf3egwfg},
}
@article{Singh2016MinimumCM,
  title={Minimum configuration MLP for solving XOR problem},
  author={Vaibhav Kant Singh and Shweta Pandey},
  journal={2016 3rd International Conference on Computing for Sustainable Global Development (INDIACom)},
  year={2016},
  pages={174-179}
}
@article{ziou1998edge,
  title={Edge detection techniques-an overview},
  author={Ziou, Djemel and Tabbone, Salvatore and others},
  journal={Pattern Recognition and Image Analysis C/C of Raspoznavaniye Obrazov I Analiz Izobrazhenii},
  volume={8},
  pages={537--559},
  year={1998},
  publisher={NAUKA/INTERPERIODICA PUBLISHING}
}
@article{arbelaez2011contour,
  title={Contour detection and hierarchical image segmentation},
  author={Arbelaez, Pablo and Maire, Michael and Fowlkes, Charless and Malik, Jitendra},
  journal={IEEE transactions on pattern analysis and machine intelligence},
  volume={33},
  number={5},
  pages={898--916},
  year={2011},
  publisher={IEEE}
}
@article{howard2017mobilenets,
  title={Mobilenets: Efficient convolutional neural networks for mobile vision applications},
  author={Howard, Andrew G and Zhu, Menglong and Chen, Bo and Kalenichenko, Dmitry and Wang, Weijun and Weyand, Tobias and Andreetto, Marco and Adam, Hartwig},
  journal={arXiv preprint arXiv:1704.04861},
  year={2017}
}
@techreport{rumelhart1985learning,
  title={Learning internal representations by error propagation},
  author={Rumelhart, David E and Hinton, Geoffrey E and Williams, Ronald J},
  year={1985},
  institution={California Univ San Diego La Jolla Inst for Cognitive Science}
}
@article{canny1986computational,
  title={A computational approach to edge detection},
  author={Canny, John},
  journal={IEEE Transactions on pattern analysis and machine intelligence},
  number={6},
  pages={679--698},
  year={1986},
  publisher={Ieee}
}
@book{rogers2016first,
  title={A first course in machine learning},
  author={Rogers, Simon and Girolami, Mark},
  year={2016},
  chapter={2},
  publisher={CRC Press}
}
@inproceedings{szegedy2016rethinking,
  title={Rethinking the inception architecture for computer vision},
  author={Szegedy, Christian and Vanhoucke, Vincent and Ioffe, Sergey and Shlens, Jon and Wojna, Zbigniew},
  booktitle={Proceedings of the IEEE conference on computer vision and pattern recognition},
  pages={2818--2826},
  year={2016}
}
@inproceedings{lin2014microsoft,
  title={Microsoft coco: Common objects in context},
  author={Lin, Tsung-Yi and Maire, Michael and Belongie, Serge and Hays, James and Perona, Pietro and Ramanan, Deva and Doll{\'a}r, Piotr and Zitnick, C Lawrence},
  booktitle={European conference on computer vision},
  pages={740--755},
  year={2014},
  organization={Springer}
}
@article{yu2018bdd100k,
  title={BDD100K: A diverse driving video database with scalable annotation tooling},
  author={Yu, Fisher and Xian, Wenqi and Chen, Yingying and Liu, Fangchen and Liao, Mike and Madhavan, Vashisht and Darrell, Trevor},
  journal={arXiv preprint arXiv:1805.04687},
  year={2018}
}
@online{tensorflowcode,
  title = {Object Detection Demo},
  date = {2019},
  organization = {tensorflow},
  author = {tensorflow},
  url = {https://github.com/tensorflow/models/blob/master/research/object_detection/object_detection_tutorial.ipynb},
}
